<record><leader>00000cas a22000007a 4500</leader><controlfield tag="001">12929138</controlfield><controlfield tag="008">851218d18791883iauwr ne      0    0eng d</controlfield><datafield ind1=" " ind2=" " tag="010"><subfield code="a">sn 85050967 </subfield></datafield><datafield ind1=" " ind2=" " tag="040"><subfield code="a">INP</subfield><subfield code="b">eng</subfield><subfield code="c">INP</subfield><subfield code="d">OCLCQ</subfield></datafield><datafield ind1=" " ind2=" " tag="042"><subfield code="a">msc</subfield></datafield><datafield ind1="0" ind2=" " tag="130"><subfield code="a">Fontanelle observer (Fontanelle, Iowa : 1879)</subfield></datafield><datafield ind1="1" ind2="4" tag="245"><subfield code="a">The Fontanelle observer.</subfield></datafield><datafield ind1="1" ind2="3" tag="246"><subfield code="a">Observer</subfield></datafield><datafield ind1=" " ind2=" " tag="260"><subfield code="a">Fontanelle, Iowa :</subfield><subfield code="b">J.M. Gow,</subfield><subfield code="c">-1883.</subfield></datafield><datafield ind1=" " ind2=" " tag="300"><subfield code="a">v. :</subfield><subfield code="b">ill. ;</subfield><subfield code="c">62 cm.</subfield></datafield><datafield ind1=" " ind2=" " tag="310"><subfield code="a">Weekly</subfield></datafield><datafield ind1="1" ind2=" " tag="362"><subfield code="a">Began Feb. 1879.</subfield><subfield code="z">Cf. Bibl. of Iowa newspapers.</subfield></datafield><datafield ind1="0" ind2=" " tag="362"><subfield code="a">-v. 5, no. 37 (Oct. 18, 1883).</subfield></datafield><datafield ind1=" " ind2=" " tag="500"><subfield code="a">Publishers: Gow Bros., &lt;Aug. 5, 1879&gt;; M.A. Rany, &lt;June 1, 1882-Jan. 31, 1884&gt;.</subfield></datafield><datafield ind1=" " ind2=" " tag="500"><subfield code="a">Official paper of Adair County.</subfield></datafield><datafield ind1=" " ind2=" " tag="500"><subfield code="a">Editors: James M. Gow, &lt;Aug. 5, 1879&gt;; M.A. Rany, &lt;June 1, 1882-Jan. 31, 1884&gt;.</subfield></datafield><datafield ind1=" " ind2=" " tag="588"><subfield code="a">Description based on: Vol. 1, no. 2 (Feb. 25, 1879).</subfield></datafield><datafield ind1=" " ind2=" " tag="752"><subfield code="a">United States</subfield><subfield code="b">Iowa</subfield><subfield code="c">Adair</subfield><subfield code="d">Fontanelle.</subfield></datafield><datafield ind1="0" ind2="0" tag="785"><subfield code="t">Fontanelle weekly observer</subfield><subfield code="w">(DLC)sn 85050968</subfield></datafield><datafield ind1="1" ind2=" " tag="029"><subfield code="a">AU@</subfield><subfield code="b">000023481968</subfield></datafield></record>